@String{pub-AW          = "Ad{\-d}i{\-s}on-Wes{\-l}ey"}
@String{pub-AW:adr      = "Reading, MA, USA"}


@misc{flaskdoc,
    title={Flask Documentation},
    howpublished="\url{http://flask.palletsprojects.com/}",
    key = {Pallets},
    year = {2019}
}

@misc{pep3333,
    title={PEP-3333 Standard},
    howpublished="\url{https://www.python.org/dev/peps/pep-3333/}",
    key = {Python Software Foundation},
    year = {2010}
}

@misc{mongoDoc,
    title={MongoDB Documentation},
    howpublished="\url{https://docs.mongodb.com/manual/}",
    key = {MongoDB},
    year = {2020}
}

@article{noSql,
author = {Krstić, Lazar and Krstić, Marija},
year = {2018},
month = {07},
pages = {614-639},
title = {Testing the performance of NoSQL databases via the database benchmark tool},
volume = {66},
journal = {Vojnotehnicki glasnik},
doi = {10.5937/vojtehg66-15928}
}

@misc{pythonSpeech,
    title={Python Speech Recognition},
    howpublished="\url{https://github.com/Uberi/speech_recognition}",
    key = {GitHub},
    year = {2017}
}

@inbook{webSpeechApi,
author = {Siegert, Ingo and Sinha, Yamini and Jokisch, Oliver and Wendemuth, Andreas},
year = {2020},
month = {10},
pages = {520-529},
title = {Recognition Performance of Selected Speech Recognition APIs – A Longitudinal Study},
isbn = {978-3-030-60275-8},
doi = {10.1007/978-3-030-60276-5_50}
}

@misc{cloudSpeechAPI,
    title={Google Cloud Speech API},
    howpublished="\url{https://cloud.google.com/speech-to-text/docs}",
    key = {Google},
    year = {2020}
}

@Article{dentalSurvay,
   Author="Mühlemann, S.  and Sandrini, G.  and Ioannidis, A.  and Jung, R. E.  and Hümmerle, C. H. F. ",
   Title="{The use of digital technologies in dental practices in Switzerland: a cross-sectional survey}",
   Journal="Swiss Dent J",
   Year="2019",
   Volume="129",
   Number="9",
   Pages="700--707",
   Month="09"
}

@Book{Szeliski2011,
  author =       "Richard Szeliski",
  title =        "Computer Vision: Algorithms and Applications",
  publisher =    pub-AW,
  address =      pub-AW:adr,
  year =         {2011},
  ISBN =         {978-1-84882-934-3},
  LCCN =         {2010936817}
}

@Book{learning_opencv,
    author = "Minichino, J and Howse, J",
    title = "Learning OpenCV 3 Computer Vision with Python - Second Edition",
    publisher = {Packt Publishing},
    ISBN-13 = {978-1785283840}
}

@misc{sqlNoSql,
    title={SQL vs NoSQL},
    howpublished="\url{https://openclassrooms.com/en/courses/5671741-design-the-logical-model-of-your-relational-database}",
    key = {SQL vs NoSQL},
    year = {2020},
    journal = {openclassrooms.com}
}

@article{clientServer,
author = {Ali, Sawsan and Alauldeen, Rana and Ruaa, Ali and Khamees,},
year = {2020},
month = {02},
pages = {},
title = {What is Client-Server System: Architecture, Issues and Challenge of Client -Server System (Review)},
doi = {10.5281/zenodo.3673071}
}

@misc{clientServerStanford,
    title={client-server stanford},
    howpublished="\url{http://web.stanford.edu/dept/itss/docs/oracle/10gR2/}",
    key = {client-server stanford},
    journal = {web.stanford.edu}
}

@article{restapi,
author = {Alimuddin, A Ais and Niswar, M and Amirullah, Indrabayu and Rijal, M},
year = {2020},
month = {07},
pages = {012047},
title = {Design and Implementation of REST API for Academic Information System},
volume = {875},
journal = {IOP Conference Series: Materials Science and Engineering},
doi = {10.1088/1757-899X/875/1/012047}
}

@book{restapibook,
author = {Leonard Richardson, Mike Amundsen, Sam Ruby},
year = {2013},
title = {RESTful Web APIs},
volume = {403},
publisher = {O'Reilly Media},
ISBN-13 = {978-1449358068}
}

@misc{opencv,
    title={OpenCV},
    howpublished="\url{https://opencv.org/about/}",
    key = {OpenCv},
    year = {2020}
}

@misc{regionprops,
    title={Scikit-image Documentation: measure.regionprops},
    howpublished="\url{https://scikit-image.org/docs/dev/auto_examples/segmentation/plot_regionprops.html}",
    key = {Scikit-image},
    year = {2020}
}

@misc{opencv_colors,
    title={OpenCV: Color Space Conversions},
    howpublished="\url{https://docs.opencv.org/3.4/d8/d01/group__imgproc__color__conversions.html}",
    key = {opencv_colors},
    year = {2020}
}

@misc{opencv_trackingAPI,
    title={OpenCV: Tracking API},
    howpublished="\url{https://docs.opencv.org/3.4/d9/df8/group__tracking.html}",
    key = {opencv_trackingAPI},
    year = {2020}
}

@Article{         numpy,
 title         = {Array programming with {NumPy}},
 author        = {Charles R. Harris and K. Jarrod Millman and St{'{e}}fan J.
                 van der Walt and Ralf Gommers and Pauli Virtanen and David
                 Cournapeau and Eric Wieser and Julian Taylor and Sebastian
                 Berg and Nathaniel J. Smith and Robert Kern and Matti Picus
                 and Stephan Hoyer and Marten H. van Kerkwijk and Matthew
                 Brett and Allan Haldane and Jaime Fern{'{a}}ndez del
                 R{'{\i}}o and Mark Wiebe and Pearu Peterson and Pierre
                 G{'{e}}rard-Marchant and Kevin Sheppard and Tyler Reddy and
                 Warren Weckesser and Hameer Abbasi and Christoph Gohlke and
                 Travis E. Oliphant},
 year          = {2020},
 month         = sep,
 journal       = {Nature},
 volume        = {585},
 number        = {7825},
 pages         = {357--362},
 doi           = {10.1038/s41586-020-2649-2},
 publisher     = {Springer Science and Business Media {LLC}},
 url           = {https://doi.org/10.1038/s41586-020-2649-2}
}

@article{skimage,
   title={scikit-image: image processing in Python},
   volume={2},
   ISSN={2167-8359},
   url={http://dx.doi.org/10.7717/peerj.453},
   DOI={10.7717/peerj.453},
   journal={PeerJ},
   publisher={PeerJ},
   author={van der Walt, Stéfan and Schönberger, Johannes L. and Nunez-Iglesias, Juan and Boulogne, François and Warner, Joshua D. and Yager, Neil and Gouillart, Emmanuelle and Yu, Tony},
   year={2014},
   month={Jun},
   pages={e453}
}

@article{image_svd,
    author = {Sadek, Rowayda},
    year = {2012},
    month = {11},
    pages = {},
    title = {SVD Based Image Processing Applications: State of The Art, Contributions
    and Research Challenges},
    volume = {3},
    journal = {International Journal of Advanced Computer Science and Applications - IJACSA},
    doi = {10.14569/IJACSA.2012.030703}
}


@misc{vuejs,
    title={Vue.js},
    howpublished="\url{https://vuejs.org/v2/guide/}",
    key={Vue},
    year={2020}
}

@misc{npmjs,
    title={npmJS},
    howpublished="\url{https://www.npmjs.com/npm/state-of-javascript-frameworks-2017-part-1}",
    key={jpmjs},
    year={2017}
}

@misc{json,
    title={JSON Official Website},
    howpublished="\url{https://www.json.org/}",
    key={json},
    year={2017}
}

@book{teethAnatomy,
author = {Danuta Piątowska, Jarosław Cynkier, Małgorzata Paul-Stalmaszczyk},
year = {2009},
title = {Stomatologia zachowawcza. Współczesne metody opracowania i wypełniania ubytków próchnicowych. Anatomia zębów stałych},
publisher = {BESTOM DENTOnet.pl},
ISBN-13 = {978-83-927915-4-6}
}

@inproceedings{shi94,
    author={ {Jianbo Shi} and  {Tomasi}},
    booktitle={1994 Proceedings of IEEE Conference on Computer Vision and Pattern Recognition},
    title={Good features to track},
    year={1994},
    volume={},
    number={},
    pages={593-600},
    doi={10.1109/CVPR.1994.323794}
}

@inproceedings{medianflow,
    author = {Kalal, Zdenek and Mikolajczyk, Krystian and Matas, Jiri},
    title = {Forward-Backward Error: Automatic Detection of Tracking Failures},
    year = {2010},
    isbn = {9780769541099},
    publisher = {IEEE Computer Society},
    address = {USA},
    url = {https://doi.org/10.1109/ICPR.2010.675},
    doi = {10.1109/ICPR.2010.675},
    booktitle = {Proceedings of the 2010 20th International Conference on Pattern Recognition},
    pages = {2756–2759},
    numpages = {4},
    keywords = {tracking failure detection, forward backward error},
    series = {ICPR '10}
}

@inproceedings{mosse,
    author={D. S. {Bolme} and J. R. {Beveridge} and B. A. {Draper} and Y. M. {Lui}},
    booktitle={2010 IEEE Computer Society Conference on Computer Vision and Pattern Recognition},
    title={Visual object tracking using adaptive correlation filters},   year={2010},
    volume={},
    number={},
    pages={2544-2550},
    doi={10.1109/CVPR.2010.5539960}
}

@inproceedings{meanshift,
    author = {Wen, Zhi-Qiang and Cai, Zi-Xing},
    year = {2006},
    month = {09},
    pages = {4024 - 4028},
    title = {Mean Shift Algorithm and its Application in Tracking of Objects},
    volume = {2006},
    doi = {10.1109/ICMLC.2006.258803}
}

@inproceedings{walsh19,
    author = {Walsh, Joseph and O' Mahony, Niall and Campbell, Sean and Carvalho, Anderson and Krpalkova, Lenka and Velasco-Hernandez, Gustavo and Harapanahalli, Suman and Riordan, Daniel},
    year = {2019},
    month = {04},
    pages = {},
    title = {Deep Learning vs. Traditional Computer Vision},
    isbn = {978-981-13-6209-5},
    doi = {10.1007/978-3-030-17795-9_10}
}

@article{imagenet,
    author = {Krizhevsky, Alex and Sutskever, Ilya and Hinton, Geoffrey},
    year = {2012},
    month = {01},
    pages = {},
    title = {ImageNet Classification with Deep Convolutional Neural Networks},
    volume = {25},
    journal = {Neural Information Processing Systems},
    doi = {10.1145/3065386}
}

@article{kalman,
    author = {Taylor, Liana and Mirdanies, Midriem and Saputra, Roni},
    year = {2016},
    month = {07},
    pages = {57},
    title = {Optimized object tracking technique using Kalman filter:},
    volume = {7},
    journal = {Journal of Mechatronics, Electrical Power, and Vehicular Technology},
    doi = {10.14203/j.mev.2016.v7.57-66}
}

@phdthesis{teethDiseases,
    author = {Anna Król},
    title = {Ocena stanu uzębienia, zachowań prozdrowotnych oraz określenie potrzeb profilaktyczno-leczniczych dzieci i młodzieży Wielkopolski},
    school = {Uniwersytet Medyczny im. Karola Marcinkowskiego w Poznaniu},
    year = {2009}
}

@article{abbass20,
  title={A survey on online learning for visual tracking},
  author={M. Y. Abbass and Ki-Chul Kwon and N. Kim and S. A. Abdelwahab and F. E. El-Samie and A. Khalaf},
  journal={The Visual Computer},
  year={2020},
  pages={1-22}
}

@misc{vueLifeCycle,
    title={Coding Explained},
    howpublished="\url{https://codingexplained.com/coding/front-end/vue-js/vue-instance-lifecycle-hooks}",
    key = {CodingExplained},
    year = {2017}
}

@misc{tkinter,
    title={Tkinter},
    howpublished="\url{https://docs.python.org/3/library/tkinter.html}",
    key = {Tkinter},
    year = {2021}
}
@misc{math,
    title={Math},
    howpublished="\url{https://docs.python.org/3/library/math.html}",
    key = {Math},
    year = {2021}
}

@misc{Roydental,
    title={Sklep internetowy Roydental.pl},
    howpublished="\url{https://www.roydental.pl/pl/p/Karta-Stomatologiczna-Karta-pacjenta-op-100-sztuk-typ-2/3612}",
    key = {Roydental},
    year = {2021}
}

@misc{Mediporta,
    title={Platforma Mediporta},
    howpublished="\url{https://www.mediporta.pl/demo/stomatolog/}",
    key = {Mediporta},
    year = {2021}
}

@misc{eRUM,
    title={Platforma eRUM},
    howpublished="\url{https://erum.pl/gabinet-stomatologiczny/diagram-zebowy}",
    key = {eRUM},
    year = {2021}
}
@book{dewiacja,
author = {Jeffrey P. Okeson},
year = {2018},
title = {Leczenie dysfunkcji skroniowo-żuchwowych i zaburzeń zwarcia},
publisher = {Wydawnictwo Czelej sp. z o.o.},
ISBN-13 = {978-83-7563-272-9}
}
